<?xml version="1.0" encoding="UTF-8"?>
<record xmlns="http://www.loc.gov/MARC21/slim" xmlns:xsi="http://www.w3.org/2001/XMLSchema-instance" xsi:schemaLocation="http://www.loc.gov/MARC21/slim http://www.loc.gov/standards/marcxml/schema/MARC21slim.xsd">
<leader>     nam a2200361 a 4500</leader>
<controlfield tag="001">001496932</controlfield>
<controlfield tag="003">NNU</controlfield>
<controlfield tag="005">20061010173131.0</controlfield>
<controlfield tag="008">990210m19451958le h          000 0 arar</controlfield>
<datafield tag="010" ind1=" " ind2=" ">
<subfield code="a">ne 62000582</subfield>
</datafield>
<datafield tag="035" ind1="9" ind2=" ">
<subfield code="a">NYUb11957558</subfield>
</datafield>
<datafield tag="035" ind1=" " ind2=" ">
<subfield code="a">(CStRLIN)NYUG99-B427</subfield>
</datafield>
<datafield tag="040" ind1=" " ind2=" ">
<subfield code="c">MiU</subfield>
<subfield code="d">CtY</subfield>
<subfield code="d">NNU</subfield>
</datafield>
<datafield tag="050" ind1="0" ind2=" ">
<subfield code="a">PJ25</subfield>
<subfield code="b">.A6 no.18,etc.</subfield>
</datafield>
<datafield tag="066" ind1=" " ind2=" ">
<subfield code="c">(3</subfield>
</datafield>
<datafield tag="090" ind1=" " ind2=" ">
<subfield code="a">PJ25</subfield>
<subfield code="b">.A6</subfield>
</datafield>
<datafield tag="100" ind1="1" ind2=" ">
<subfield code="6">880-01</subfield>
<subfield code="a">Ghazzī, Najm al-Dīn Muḥammad ibn Muḥammad,</subfield>
<subfield code="d">1570-1651.</subfield>
</datafield>
<datafield tag="245" ind1="1" ind2="3">
<subfield code="6">880-02</subfield>
<subfield code="a">al-Kawākib al-sāʼirah bi-aʻyān al-miʼah al-ʻashirah /</subfield>
<subfield code="c">li-Najm al-īn al-Ghazzī ; ḥaqqaqahu wa-ḍabaṭa naṣṣah Jubrāʼīl Sulaymān Jabbūr.</subfield>
</datafield>
<datafield tag="246" ind1="1" ind2="5">
<subfield code="a">Biographical dictionary of the notable men and women in the Moslem world in the sixteenth Christian century</subfield>
</datafield>
<datafield tag="260" ind1=" " ind2=" ">
<subfield code="6">880-03</subfield>
<subfield code="a">[Beirut] :</subfield>
<subfield code="b">Jāmiʻat Bayrūt al-Amīrikīyah, Kullīyat al-ʻUlūm wa-al-Ādāb,</subfield>
<subfield code="c">[1945-1958]</subfield>
</datafield>
<datafield tag="300" ind1=" " ind2=" ">
<subfield code="a">3 v. :</subfield>
<subfield code="b">facsim. ;</subfield>
<subfield code="c">24 cm.</subfield>
</datafield>
<datafield tag="490" ind1="1" ind2=" ">
<subfield code="6">880-04</subfield>
<subfield code="a">Jāmiʻat Bayrūt al-amīrikīyah. Manshūrāt Kullīyat al-ʻUlūm wa-al-Ādāb. Silsilat al-ʻulūm al-Sharqīyah ;</subfield>
<subfield code="v">al-ḥalqah 18, 20, 29</subfield>
</datafield>
<datafield tag="651" ind1=" " ind2="0">
<subfield code="a">Middle East</subfield>
<subfield code="v">Biography</subfield>
<subfield code="v">Early works to 1800.</subfield>
</datafield>
<datafield tag="650" ind1=" " ind2="0">
<subfield code="a">Muslims</subfield>
<subfield code="v">Biography</subfield>
<subfield code="v">Early works to 1800.</subfield>
</datafield>
<datafield tag="700" ind1="1" ind2=" ">
<subfield code="6">880-05</subfield>
<subfield code="a">Jabbūr, Jibrāʼīl Sulaymān.</subfield>
</datafield>
<datafield tag="880" ind1="1" ind2=" ">
<subfield code="6">100-01/</subfield>
<subfield code="a">غزي، نجم الدين محمد بن محمد.</subfield>
</datafield>
<datafield tag="880" ind1="1" ind2="2">
<subfield code="6">245-02/</subfield>
<subfield code="a">الكواكب السائرة باعيان المئة العاشرة /</subfield>
<subfield code="c">لنجم الدين الغزي ؛ حققه وضبط نصه جبرائيل سليمان جبور.</subfield>
</datafield>
<datafield tag="880" ind1=" " ind2=" ">
<subfield code="6">260-03/</subfield>
<subfield code="a">[بيروت] :</subfield>
<subfield code="b">جامعة بيروت الاميركية، كلية العلوم والآداب،</subfield>
<subfield code="c">[1945-1958]</subfield>
</datafield>
<datafield tag="880" ind1="1" ind2=" ">
<subfield code="6">490-04/</subfield>
<subfield code="a">جامعة بيروت الاميركية. منشورات كلية العلوم والآداب. سلسلة العلوم الشرقية ؛</subfield>
<subfield code="v">الحلقة 18, 20, 29</subfield>
</datafield>
<datafield tag="880" ind1="1" ind2=" ">
<subfield code="6">700-05/</subfield>
<subfield code="a">جبور، جبرائيل سليمان.</subfield>
</datafield>
<datafield tag="830" ind1=" " ind2="0">
<subfield code="a">Publication of the Faculty of Arts and Sciences.</subfield>
<subfield code="p">Oriental series ;</subfield>
<subfield code="v">no. 18.</subfield>
</datafield>
<datafield tag="830" ind1=" " ind2="0">
<subfield code="a">Publication of the Faculty of Arts and Sciences.</subfield>
<subfield code="p">Oriental series ;</subfield>
<subfield code="v">no. 20.</subfield>
</datafield>
<datafield tag="830" ind1=" " ind2="0">
<subfield code="a">Publication of the Faculty of Arts and Sciences.</subfield>
<subfield code="p">Oriental series ;</subfield>
<subfield code="v">no. 29.</subfield>
</datafield>
<datafield tag="OWN" ind1=" " ind2=" ">
<subfield code="a">GENERAL</subfield>
</datafield>
<datafield tag="998" ind1=" " ind2=" ">
<subfield code="a">19990210</subfield>
<subfield code="d">19990210</subfield>
<subfield code="d">19990210</subfield>
<subfield code="n">NNU</subfield>
<subfield code="s">1</subfield>
<subfield code="t">c</subfield>
<subfield code="z">e</subfield>
</datafield>
<datafield tag="AVA" ind1=" " ind2=" ">
<subfield code="a">NYU50</subfield>
<subfield code="b">BOBST</subfield>
<subfield code="c">Main Collection</subfield>
<subfield code="d">PJ25 .A6</subfield>
<subfield code="e">unavailable</subfield>
<subfield code="t">Unavailable</subfield>
<subfield code="f">3</subfield>
<subfield code="g">3</subfield>
<subfield code="h">Y</subfield>
<subfield code="i">25</subfield>
<subfield code="j">MAIN</subfield>
<subfield code="k">0</subfield>
</datafield>
</record>
